

@article{OSZ14,
author = {O'Connell, N. and Sepp{\"a}l{\"a}inen, T. and Zygouras, N.},
title = {Geometric {R}{S}{K} correspondence, {W}hittaker functions and symmetrized random polymers},
journal = {Invent. Math.},
year = 2014,
volume = {197},
issue = {2},
pages = {361-416}
}

@book{Dudley,
author = {Dudley, R.M.},
title = {Real {A}nalysis and {P}robability, 2nd ed},
publisher = {Cambridge University Press},
year = 2004,
}

@book{Billing,
  author    = {Billingsley, P.}, 
  title     = {Convergence of {P}robability {M}easures, 2nd ed},
  publisher = {John Wiley and Sons, New York},
  year      = 1999,
}

@book{Norris,
author = {Norris, J.R.},
title = {Markov {C}hains},
publisher = {Cambridge University Press},
year = 1997,
}

@article{TLD15,
author = {Thiery, T. and Le Doussal, P.},
title = {On integrable directed polymer models on the square lattice},
journal = {J. Phys. A: Math. Theor.},
year = 2015,
volume = {48},
issue = {46},
pages = {1-41}
}

@article{LF,
author = {Lawler, G.F. and Trujillo-Ferreras, J.A. },
title = {Random walk loop-soup},
journal = {Trans. Amer. Math. Soc.},
year = 2007,
volume = {359},
pages = {767-787}
}

@article{OO15,
author = {O'Connell, N. and Ortmann, J.},
title = {{T}racy-{W}idom asymptotitcs for a random polymer model with gamma-distributed weights},
journal = {Electron. J. Probab.},
year = 2015,
volume = {20},
issue = {25},
pages = {1-18}
}

@article{DOV18,
author = {Dauvergne, D. and Ortmann, J. and Vir{\' a}, B.},
title = {The directed landscape},
note ={arXiv:1812.00309},
year = {2018}
}

@article{DimMat,
author = {Dimitrov, E. and Matetski, K.},
title = {Characterization of {B}rownian {G}ibbsian line ensembles},
note ={arXiv:2002.00684},
year = {2020}
}


@article{CSS15,
author = {Corwin, I. and Sepp{\"a}l{\"a}inen, T. and Shen, H.},
title = {The strict-weak lattice polymer},
journal = {J. Stat. Phys.},
year = 2015,
volume = {160},
issue = {4},
pages = {1027-1053}
}

@article{CGH19,
author = {Corwin, I. and Ghosal, P. and Hammond, A.},
title = {K{P}{Z} equation correlations in time},
note ={arXiv:1907.09317},
year = {2019}
}


@article{BC17,
author = {Barraquand, G. and Corwin, I.},
title = {Random-walk in beta-distributed random environment},
journal = {Probab. Theory Related Fields},
year = 2017,
volume = {167},
issue = {3},
pages = {1057-1116}
}

@article{BCR,
author = {Borodin, A. and Corwin, I. and Remenik, D.},
title = {Log-gamma polymer free energy fluctiations via a {F}redholm determinant identity},
journal = {Comm. Math. Phys.},
year = 2013,
volume = {324},
issue = {1},
pages = {215-232}
}

@book{Royden,
  author    = {Royden, H.L.}, 
  title     = {Real analysis, {T}hird edition},
  publisher = {Macmillan Publishing Company, New York, NY},
  year      = 1988,
}

@book{Munkres,
  author    = {Munkres, J.}, 
  title     = {Topology, 2nd ed},
  publisher = {Prentice Hall, Inc., Upper Saddle River, NJ},
  year      = 2003,
}

@book{Parth,
  author    = {Parthasarathy, K.R.}, 
  title     = {Probability measures on metric spaces},
  publisher = {Wiley, New York},
  year      = 1967,
}


@article{KMT1,
author = {Koml{\' o} s, J. and Major, P. and Tusn{\' a}dy, G. },
title = {An approximation of partial sums of independent {R}{V}'s, and the sample {D}{F} {I}},
journal = {Z. Wahrsch. Verw. Gebiete},
year = 1975,
volume = {32},
pages = {111-131}
}

@book{Mac,
  author    = {Macdonald, I. G.}, 
  title     = {Symmetric functions and {H}all polynomials},
  publisher = {Oxford University Press Inc., New York},
  year      = 1995,
  edition   = 2,
}

@article{KMT2,
author = {Koml{\' o} s, J. and Major, P. and Tusn{\' a}dy, G. },
title = {An approximation of partial sums of independent {R}{V}'s, and the sample {D}{F} {II}},
journal = {Z. Wahrsch. Verw. Gebiete},
year = 1976,
volume = {34},
issue = {1},
pages = {33-58}
}

@book{Munk2,
  author    = {Munkres, J.}, 
  title     = {Elements of algebraic topology},
  publisher = {Addison-Wesley Publishing Company, Menlo Park, CA},
  year      = 1984,
}

@book{Stein,
  author    = {Stein, E. and Shakarchi, R.}, 
  title     = {Real {A}nalysis},
  publisher = {Princeton University Press, Princeton},
  year      = 2003,
}

@book{KS,
  author    = {Karatzas, I. and Shreve, S.}, 
  title     = {Brownian {M}otion and {S}tochastic {C}alculus},
  publisher = {Volume 113 of Graduate Texts in Mathematics, Springer},
  year      = 1988,
}

@book{Rudin,
  author    = {Rudin, W.}, 
  title     = {Principles of {M}athematical {A}nalysis, 3rd ed.},
  publisher = {New York: McGraw-hill},
  year      = 1964,
}

@article{BorCor,
author = {Borodin, A. and Corwin, I.},
title = {Macdonald processes},
journal = {Probab. Theory Related Fields},
year = 2014,
volume = {158},
issue = {1},
pages = {225-400}
}

@article{Rob,
author = {Robbins, H.},
title = {A remark on {S}tirling's formula},
journal = {Amer. Math. Monthly},
year = 1955,
volume = {62},
issue = {1},
pages = {26-29}
}


@article{Ibr56,
author = {Ibragimov, I. A.},
title = {On the composition of unimodal distributions},
journal = {Theory Probab. Appl.},
year = 1956,
volume = {1},
pages = {255-260}
}

@article{Sep12,
author = {Sepp{\"a}l{\"a}inen, T.},
title = {Scaling for a one-dimensional directed polymer with boundary},
journal = {Ann. Probab.},
year = 2012,
volume = {40},
pages = {19-73}
}

@article{OCY,
author = {O'Connell, N. and Yor, M.},
title = {{B}rownian analogues of {B}urke's theorem},
journal = {Stoch. Proc. Appl.},
year = 2001,
volume = {96},
pages = {285-304}
}

@book{Luke,
  author    = {Luke, Y.}, 
  title     = {The special functions and their approximations, {V}olume {I}},
  publisher = {Academic press, London}, 
  year      = 1969,
}

@book{Ka,
  author    = {Kallenberg, O.}, 
  title     = {Foundations of {M}odern {P}robability},
  publisher = {Springer-Verlag, New York}, 
  year      = 1997,
}


@book{SS,
  author    = {Stein, E. and Shakarchi, R.}, 
  title     = {Real {A}nalysis},
  publisher = {Princeton University Press, Princeton},
  year      = 2003,
}

@article{Wu19,
author = {Wu, X.},
title = {TIGHTNESS OF DISCRETE GIBBSIAN LINE ENSEMBLES WITH
EXPONENTIAL INTERACTION HAMILTONIANS
},
note ={arXiv:1909.00946 },
year = {2019}
}

@article{DW19,
author = {Dimitrov, E. and Wu, X.},
title = {K{M}{T} coupling for random walk bridges},
note ={arXiv:1905.13691},
year = {2019}
}


@book{Simon,
  author    = {Simon, B.}, 
  title     = {Trace ideals and their applications},
  publisher = {AMS, Providence},
  year      = 2005,
  edition   = 2,
}


@article{TWPaper,
author = {Tracy, C. and Widom, H.},
title = { Level-spacing distributions and the {A}iry kernel},
journal = {Commun. Math. Phys.},
year = 1994,
volume = {159},
pages = {151-174}
}

@article{BCF,
author = {Borodin, A. and Corwin, I. and Ferrari, P. L.},
title = {Free energy fluctuations for directed polymers in random media in 1 + 1 dimension},
journal = {Commun. Pure Appl. Math.},
year = 2014,
volume = {67},
pages = {1129-1214}
}

@article{BCFV,
author = {Borodin, A. and Corwin, I. and Ferrari, P. and Vet{\H o}, B.},
title = {Height fluctuations for the stationary {K}{P}{Z} equation},
journal = {Math. Phys. Anal. Geom.},
year = 2015,
volume = {18},
pages = {20},
note ={https://doi.org/10.1007/s11040-015-9189-2},
}



@article{COSZ,
author = {Corwin, I. and O'Connell, N. and Sepp{\"a}l{\"a}inen, T. and Zygouras, N.},
title = {Tropical combinatorics and {W}hittaker functions},
journal = {Duke Math. J.},
year = 2014,
volume = {163},
pages = {513-563}
}

@article{CorHamK,
author = {Corwin, I. and Hammond, A.},
title = {K{P}{Z} line ensemble},
year = {2016}, 
journal = {Probab. Theory Relat. Fields},
volume = {166},
pages = {67-185},
}

@article{Def10,
author = {Defosseux, M.},
title = {Orbit measures, random matrix theory and interlaced determinantal processes},
journal = {Ann. Inst. Henri Poincar{\' e} Probab. Stat.},
year = "2010",
volume = {46},
pages = {209-249},
}

@article{CorHamA,
author = {Corwin, I. and Hammond, A.},
title = {Brownian {G}ibbs property for {A}iry line ensembles},
journal = {Invent. Math.},
year = 2014,
volume = {195},
pages = {441-508}
}

@book{Bill,
  author    = {Billingsley, P.}, 
  title     = {Convergence of probability measures, {S}econd Edition},
  publisher = {Academic Press, New York},
  year      = 1999,
}

@article{CD,
author = {Corwin, I. and Dimitrov, E.},
title = {Transversal Fluctuations of the {A}{S}{E}{P}, {S}tochastic Six Vertex Model, and {H}all-{L}ittlewood {G}ibbsian Line Ensembles},
journal = {Comm. Math. Phys.},
year = 2018,
volume = {363},
pages = {435-501}
}

@article{KQ,
author = {Krishnan, A. and Quastel, J.},
title = {{T}racy-{W}idom fluctuations for perturbations of the log-gamma polymer in intermediate disorder},
journal = {Ann. Appl. Probab.},
year = 2018,
volume = {28},
number = {6},
pages = {3736-3764},
}

@article{Mattner,
author = {Mattner, L. },
title = {Complex differentiation under the integral},
journal = {Nieuw Arch. Wiskd.},
year = 2001,
volume = {4},
pages = {32-35}
}

@article{ED,
author = {Dimitrov, E.},
title = {K{P}{Z} and {A}iry limits of {H}all-{L}ittlewood random plane partitions},
year = 2017,
coral = {Ann. Inst. Henri Poincar{\' e} Probab. Stat.},
volume={54},
 number={2},
pages={640--693},
}

@book{Durrett,
  author    = {Durrett, R.}, 
  title     = {Probability: theory and examples, {F}ourth edition},
  publisher = {Cambridge University Press, Cambridge},
  year      = 2010,
}

@book{Lax,
  author    = {Lax, P. D.}, 
  title     = {Functional analysis},
  publisher = {Wiley-Interscience, New York},
  year      = 2002,
}

@book{Folland,
  author    = {Folland, G.}, 
  title     = {A Course in abstract harmonic analysis},
  publisher = {Studies in Advanced Mathematics. CRC Press, Boca Raton, FL},
  year      = 1995,
}
@article{das2019fractional,
  title={Fractional moments of the Stochastic Heat Equation},
  author={Das, S. and Tsai, L.},
  journal={arXiv preprint arXiv:1910.09271},
  year={2019}
}
@article{georgiou2013large,
  title={Large deviation rate functions for the partition function in a log-gamma distributed random potential},
  author={Georgiou, N. and Sepp{\"a}l{\"a}inen, T.},
  journal={Ann. Probab.},
  volume={41},
  number={6},
  pages={4248--4286},
  year={2013},
  publisher={Institute of Mathematical Statistics}
}
@article{seppalainen2010bounds,
  title={Bounds for scaling exponents for a 1+ 1 dimensional directed polymer in a Brownian environment},
  author={Sepp{\"a}l{\"a}inen, T. and Valk{\'o}, B.},
  journal={arXiv preprint arXiv:1006.4864},
  year={2010}
}
@article{corwin2013crossover,
  title={Crossover distributions at the edge of the rarefaction fan},
  author={Corwin, I. and Quastel, J.},
  journal={Ann. Probab.},
  volume={41},
  number={3A},
  pages={1243--1314},
  year={2013},
  publisher={Institute of Mathematical Statistics}
}
@article{damron2018coarsening,
  title={Coarsening Model on $\mathbb Z^d$ with Biased Zero-Energy Flips and an Exponential Large Deviation Bound for {ASEP}},
  author={Damron, M. and Petrov, L. and Sivakoff, D.},
  journal={Comm. Math. Phys.},
  volume={362},
  number={1},
  pages={185--217},
  year={2018},
  publisher={Springer}
}
@article{BCDtoappear,
title={In preparation},
author={Barraquand, G. and Corwin, I. and Dimitrov, E.},
year={2020}
}
@article{kotowski2019tracy,
  title={{Tracy--Widom} Fluctuations in {2D} Random {S}chr{\"o}dinger Operators},
  author={Kotowski, M. and Vir{\'a}g, B.},
  journal={Comm. Math. Phys.},
  volume={370},
  number={3},
  pages={873--893},
  year={2019},
  publisher={Springer}
}
@article{seppalainen1998large,
  title={Large deviations for increasing sequences on the plane},
  author={Sepp{\"a}l{\"a}inen, T.},
  journal={Probab. Theor. Rel. Fields},
  volume={112},
  number={2},
  pages={221--244},
  year={1998},
  publisher={Springer}
}
@article{lowe2001moderate,
  title={Moderate deviations for longest increasing subsequences: the upper tail},
  author={L{\"o}we, M. and Merkl, F.},
  journal={Commun. Pure Appl. Math.},
  volume={54},
  number={12},
  pages={1488--1519},
  year={2001},
  publisher={Wiley Online Library}
}
@article{baik2001optimal,
  title={Optimal tail estimates for directed last passage site percolation with geometric random variables},
  author={Baik, Jinho and Deift, Percy and McLaughlin, Ken and Miller, Peter and Zhou, Xin},
  journal={arXiv preprint math/0112162},
  year={2001}
}
@article{ledoux2010small,
  title={Small deviations for beta ensembles},
  author={Ledoux, M. and Rider, B.},
  journal={Electr. J. Probab.},
  volume={15},
  pages={1319--1343},
  year={2010},
  publisher={The Institute of Mathematical Statistics and the Bernoulli Society}
}

@book{CJ,
  author    = {Callahan, J.}, 
  title     = {Advanced Calculus: A Geometric View},
  publisher = {Undergraduate Texts in Mathematics, Springer},
  year      = 2010,
}

@article{stirling,
  title={A Remark on Stirling's Formula},
  author={Herbert, R.},
  journal={The American Mathematical Monthly},
  volume={62},
  pages={26--29},
  year={1955},
  publisher={Mathematical Association of America}
